@inproceedings{al2019study,
  title={Study of Multiple View Layout Strategies in Visualisation},
  author={Al-maneea, Hayder M and Roberts, Jonathan C},
  booktitle={IEEE Conference on Visualization (Short Paper)},
  year={2019},
  organization={IEEE}  
}

@inproceedings{roberts2007state,
  title={State of the art: Coordinated \& multiple views in exploratory visualization},
  author={Roberts, Jonathan C},
  booktitle={Fifth International Conference on Coordinated and Multiple Views in Exploratory Visualization (CMV 2007)},
  pages={61--71},
  year={2007},
  organization={IEEE}
}

@article{pike2009science,
  title={The science of interaction},
  author={Pike, William A and Stasko, John and Chang, Remco and O'connell, Theresa A},
  journal={Information visualization},
  volume={8},
  number={4},
  pages={263--274},
  year={2009},
  publisher={SAGE Publications Sage UK: London, England}
}

@inproceedings{zhi2019linking,
	title={Linking and Layout: Exploring the Integration of Text and Visualization in Storytelling},
	author={Zhi, Qiyu and Ottley, Alvitta and Metoyer, Ronald},
	booktitle={Computer Graphics Forum},
	volume={38},
	number={3},
	pages={675--685},
	year={2019},
	organization={Wiley Online Library}
}

@inproceedings{boy2015storytelling,
  title={Storytelling in information visualizations: Does it engage users to explore data?},
  author={Boy, Jeremy and Detienne, Francoise and Fekete, Jean-Daniel},
  booktitle={Proceedings of the 33rd Annual ACM Conference on Human Factors in Computing Systems},
  pages={1449--1458},
  year={2015}
}

@INPROCEEDINGS{wijk2005Value, 
author={J. J. {van Wijk}}, 
booktitle={VIS 05. IEEE Visualization, 2005.}, 
title={The value of visualization}, 
year={2005}, 
volume={}, 
number={}, 
pages={79-86}, 
keywords={data visualisation;visualization value;visualization economic model;Computer graphics;Data visualization;Costs;Mathematics;Computer science;Art;Chromium;User interfaces;Application software;Explosions}, 
doi={10.1109/VISUAL.2005.1532781}, 
ISSN={null}, 
month={Oct},}

@ARTICLE{ottley2016Bayesian, 
author={A. {Ottley} and E. M. {Peck} and L. T. {Harrison} and D. {Afergan} and C. {Ziemkiewicz} and H. A. {Taylor} and P. K. J. {Han} and R. {Chang}}, 
journal={IEEE Transactions on Visualization and Computer Graphics}, 
title={Improving Bayesian Reasoning: The Effects of Phrasing, Visualization, and Spatial Ability}, 
year={2016}, 
volume={22}, 
number={1}, 
pages={529-538}, 
keywords={Bayes methods;data visualisation;inference mechanisms;medical administrative data processing;health-related fields;risk communication;medical domain;conditional probabilities;spatial ability;visualization;phrasing;Bayesian reasoning;Visualization;Bayes methods;Cognition;Accuracy;Diseases;Breast cancer;Sociology;Bayesian Reasoning;Visualization;Spatial Ability;Individual Differences;Bayesian Reasoning;Visualization;Spatial Ability;Individual Differences;Adult;Aged;Bayes Theorem;Decision Making;Decision Support Systems, Clinical;Female;Humans;Male;Middle Aged;Models, Statistical;Spatial Navigation;Task Performance and Analysis;Visual Perception;Young Adult}, 
doi={10.1109/TVCG.2015.2467758}, 
ISSN={2160-9306}, 
month={Jan},}

@article{paperFolding,
 author = {R.B. {Ekstrom} and J.W. {French} and H. H. {Harman} and D. {Dermen}},
 title = {Manual for kit of factor-referenced cognitive tests},
 journal = {Educational Testing Service},
 year = {1976},
 address = {Princeton, NJ},
}

@inproceedings{NASATLX,
  title={NASA-Task Load Index (NASA-TLX); 20 years later},
  author={S. G. Hart},
  year={2006}
}

@ARTICLE{dimara2020What, 
author={E. {Dimara} and C. {Perin}}, 
journal={IEEE Transactions on Visualization and Computer Graphics}, 
title={What is Interaction for Data Visualization?}, 
year={2020}, 
volume={26}, 
number={1}, 
pages={119-129}, 
keywords={data analysis;data visualisation;human computer interaction;data visualization;information visualization;visual analytics;scientific visualization;human-computer interaction;interaction design;visualization systems;Data visualization;Human computer interaction;Pipelines;Current measurement;Tagging;Visual analytics;interaction;visualization;data;definition;human-computer interaction}, 
doi={10.1109/TVCG.2019.2934283}, 
ISSN={2160-9306}, 
month={Jan},}

@article{yi2007Toward,
author = {Yi, Ji and Kang, Youn and Stasko, John and Jacko, Julie},
year = {2007},
month = {12},
pages = {1224 - 1231},
title = {Toward a Deeper Understanding of the Role of Interaction in Information Visualization},
volume = {13},
journal = {Visualization and Computer Graphics, IEEE Transactions on},
doi = {10.1109/TVCG.2007.70515}
}

@article{heer2012Interactive, 
author = {Heer, Jeffrey and Shneiderman, Ben}, 
title = {Interactive Dynamics for Visual Analysis}, 
year = {2012}, 
issue_date = {February 2012}, 
publisher = {Association for Computing Machinery}, 
address = {New York, NY, USA}, 
volume = {10}, number = {2}, 
issn = {1542-7730}, 
url = {https://doi.org/10.1145/2133416.2146416}, 
doi = {10.1145/2133416.2146416}, 
journal = {Queue}, 
month = feb, 
pages = {30?55}, 
numpages = {26} }

@ARTICLE{liu2010Mental, 
author={Z. {Liu} and J. {Stasko}}, 
journal={IEEE Transactions on Visualization and Computer Graphics}, 
title={Mental Models, Visual Reasoning and Interaction in Information Visualization: A Top-down Perspective}, 
year={2010}, 
volume={16}, 
number={6}, 
pages={999-1008}, 
keywords={cognition;data visualisation;mental model;visual reasoning;information visualization;InfoVis;human cognitive activity;external anchoring;information foraging;cognitive offloading;Cognitive science;Cognition;Visualization;Data visualization;Computational modeling;Brain modeling;Humans;mental model;model-based reasoning;distributed cognition;interaction;theory;information visualization;Cognition;Computer Graphics;Humans;Models, Psychological;Visual Perception}, 
doi={10.1109/TVCG.2010.177}, 
ISSN={2160-9306}, 
month={Nov},}

@ARTICLE{pohl2012User, 
author={M. {Pohl} and M. {Smuc} and E. {Mayr}}, 
journal={IEEE Transactions on Visualization and Computer Graphics}, 
title={The User Puzzle--Explaining the Interaction with Visual Analytics Systems}, 
year={2012}, 
volume={18}, 
number={12}, 
pages={2908-2916}, 
keywords={cognition;data visualisation;human computer interaction;psychology;user puzzle;visual analytics systems;human reasoning;HCI;psychology;analytical procedures;Cognition;Human factors;Visual analytics;Psychology;Problem-solving;Cognitive theory;visual knowledge discovery;interaction design;reasoning;problem solving;Cognition;Computer Graphics;Humans;Models, Psychological;User-Computer Interface;Visual Perception}, 
doi={10.1109/TVCG.2012.273}, 
ISSN={2160-9306}, 
month={Dec},}

@ARTICLE{lam2008Framework, 
author={H. {Lam}}, 
journal={IEEE Transactions on Visualization and Computer Graphics}, 
title={A Framework of Interaction Costs in Information Visualization}, 
year={2008}, 
volume={14}, 
number={6}, 
pages={1149-1156}, 
keywords={data visualisation;user interfaces;information visualization;interaction cost;visualization design;system-power costs;multiple input mode costs;physical-motion costs;visual-cluttering costs;view-change costs;state-change costs;Costs;Visualization;Navigation;Usability;Taxonomy;Encoding;Particle measurements;User interfaces;Crystallization;Mice;Index Terms?;Interaction;Information Visualization;Framework;Interface Evaluation}, 
doi={10.1109/TVCG.2008.109}, 
ISSN={2160-9306}, 
month={Nov},}

@ARTICLE{froese2013Evaluation, 
author={M. {Froese} and M. {Tory} and G. {Evans} and K. {Shrikhande}}, 
journal={IEEE Transactions on Visualization and Computer Graphics}, 
title={Evaluation of Static and Dynamic Visualization Training Approaches for Users with Different Spatial Abilities}, 
year={2013}, 
volume={19}, 
number={12}, 
pages={2810-2817},}

@article{tsai2011Interactive,
author = {Jennifer Tsai and Sarah Miller and Alex Kirlik},
title ={Interactive Visualizations to Improve Bayesian Reasoning},
journal = {Proceedings of the Human Factors and Ergonomics Society Annual Meeting},
volume = {55},
number = {1},
pages = {385-389},
year = {2011},
doi = {10.1177/1071181311551079},
URL = { https://doi.org/10.1177/1071181311551079},
eprint = { https://doi.org/10.1177/1071181311551079}}

@InProceedings{theis2016Ergonomic,
author="Theis, Sabine
and Br{\"o}hl, Christina
and Wille, Matthias
and Rasche, Peter
and Mertens, Alexander
and Beauxis-Aussalet, Emma
and Hardman, Lynda
and Schlick, Christopher M.",
editor="Yamamoto, Sakae",
title="Ergonomic Considerations for the Design and the Evaluation of Uncertain Data Visualizations",
booktitle="Human Interface and the Management of Information: Information, Design and Interaction",
year="2016",
publisher="Springer International Publishing",
address="Cham",
pages="191--202",
isbn="978-3-319-40349-6"
}

@article{ragan2012Spatial,
author = {Ragan, Eric and Endert, Alex and Bowman, Doug and Quek, Francis},
year = {2012},
month = {05},
pages = {},
title = {How Spatial Layout, Interactivity, and Persistent Visibility Affect Learning with Large Displays},
journal = {Proceedings of the Workshop on Advanced Visual Interfaces AVI},
doi = {10.1145/2254556.2254576}
}

@article{micallef2012Assessing,
author = {Micallef, Luana and Dragicevic, Pierre and Fekete, Jean-Daniel},
year = {2012},
month = {12},
pages = {2536-2545},
title = {Assessing the Effect of Visualizations on Bayesian Reasoning Through Crowdsourcing},
volume = {18},
journal = {Visualization and Computer Graphics, IEEE Transactions on},
doi = {10.1109/TVCG.2012.199}
}

@article{khan2018Interactive,
author = {Azam Khan and Simon Breslav and Kasper Hornb√¶k},
title = {Interactive Instruction in Bayesian Inference},
journal = {Human - Computer Interaction},
volume = {33},
number = {3},
pages = {207-233},
year  = {2018},
publisher = {Taylor \& Francis},
doi = {10.1080/07370024.2016.1203264},
URL = { https://doi.org/10.1080/07370024.2016.1203264},
eprint = { https://doi.org/10.1080/07370024.2016.1203264}
}

@article{khan2015Benefits,
title = "Benefits of visualization in the Mammography Problem",
journal = "International Journal of Human-Computer Studies",
volume = "83",
pages = "94 - 113",
year = "2015",
issn = "1071-5819",
doi = "https://doi.org/10.1016/j.ijhcs.2015.07.001",
url = "http://www.sciencedirect.com/science/article/pii/S1071581915001081",
author = "Azam Khan and Simon Breslav and Michael Glueck and Kasper Hornb√¶k",
keywords = "Bayesian reasoning, Decision making, Comparability criteria, Visualization, Crowdsourcing, Mammography Problem",
}

@article{gestalt,
title = "Principles of perceptual organization and spatial distortion: The gestalt illusions",
journal = "Journal of Experimental Psychology: Human Perception and Performance",
volume = "6(3)",
pages = "404 - 412",
year = "1980",
doi = "https://doi.org/10.1037/0096-1523.6.3.404",
author = "S. Coren and J.S. Girgus",
}

@book{bertin,
  author    = {Peter Babington}, 
  title     = {Semiology of graphics: diagrams, networks, maps.},
  publisher = {University of Wisconsin Press},
  year      = {1967},
  note      = {Originally in French: Semiologie Graphique},
}

@INPROCEEDINGS{brown2012Disfunction, 
author={E. T. {Brown} and J. {Liu} and C. E. {Brodley} and R. {Chang}}, 
booktitle={2012 IEEE Conference on Visual Analytics Science and Technology (VAST)}, 
title={Dis-function: Learning distance functions interactively}, 
year={2012}, 
volume={}, 
number={}, 
pages={83-92},
}

@ARTICLE{endert2012Semantic, 
author={A. {Endert} and P. {Fiaux} and C. {North}}, 
journal={IEEE Transactions on Visualization and Computer Graphics}, 
title={Semantic Interaction for Sensemaking: Inferring Analytical Reasoning for Model Steering}, 
year={2012}, 
volume={18}, 
number={12}, 
pages={2879-2888},
}

@inproceedings{goffin2020Interaction,
  TITLE = {{Interaction Techniques for Visual Exploration Using Embedded Word-Scale Visualizations}},
  AUTHOR = {Goffin, Pascal and Isenberg, Petra and Blascheck, Tanja and Willett, Wesley},
  URL = {https://hal.inria.fr/hal-02459518},
  BOOKTITLE = {{CHI 2020 - ACM Conference on Human Factors in Computing Systems}},
  ADDRESS = {Honolulu, United States},
  SERIES = {Proceedings of the Conference on Human Factors in Computing Systems (CHI)},
  YEAR = {2020},
  MONTH = Apr,
  DOI = {10.1145/3313831.3376842},
  KEYWORDS = {Glyphs ; Information visualization ; Word-scale visualization ; Interaction techniques ; Text visualization},
  PDF = {https://hal.inria.fr/hal-02459518/file/Goffin_2020_ITF.pdf},
  HAL_ID = {hal-02459518},
  HAL_VERSION = {v1},
}

@ARTICLE{lee2012Beyond, 
author={B. {Lee} and P. {Isenberg} and N. H. {Riche} and S. {Carpendale}},
 journal={IEEE Transactions on Visualization and Computer Graphics}, 
 title={Beyond Mouse and Keyboard: Expanding Design Considerations for Information Visualization Interactions}, 
 year={2012}, 
 volume={18}, 
 number={12}, 
 pages={2689-2698},
 }
 
 @article{brase2009Pictorial,
author = {Brase, Gary L.},
title = {Pictorial representations in statistical reasoning},
journal = {Applied Cognitive Psychology},
volume = {23},
number = {3},
pages = {369-381},
doi = {10.1002/acp.1460},
url = {https://onlinelibrary.wiley.com/doi/abs/10.1002/acp.1460},
eprint = {https://onlinelibrary.wiley.com/doi/pdf/10.1002/acp.1460},
year = {2009}
}

@InProceedings{kellenFacilitating2007,
author="Kellen, Vince
and Chan, Susy
and Fang, Xiaowen",
editor="Jacko, Julie A.",
title="Facilitating Conditional Probability Problems with Visuals",
booktitle="Human-Computer Interaction. Interaction Platforms and Techniques",
year="2007",
publisher="Springer Berlin Heidelberg",
address="Berlin, Heidelberg",
pages="63--71",
isbn="978-3-540-73107-8"
}

@article{friederichs2014Using,
author = {Hendrik Friederichs and Sandra Ligges and Anne Weissenstein},
title ={Using Tree Diagrams without Numerical Values in Addition to Relative Numbers Improves Students‚Äô Numeracy Skills: A Randomized Study in Medical Education},
journal = {Medical Decision Making},
volume = {34},
number = {2},
pages = {253-257},
year = {2014},
doi = {10.1177/0272989X13504499},
note ={PMID: 24085290},
URL = { https://doi.org/10.1177/0272989X13504499},
eprint = {  https://doi.org/10.1177/0272989X13504499
}}

@article{sedlmeier2001Teaching,
author = {Sedlmeier, Peter and Gigerenzer, Gerd},
year = {2001},
month = {10},
pages = {380-400},
title = {Teaching Bayesian reasoning in less than two hours},
volume = {130},
journal = {Journal of experimental psychology. General},
doi = {10.1037//0096-3445.130.3.380}
}

@unknown{ottley2012Visually,
author = {Ottley, Alvitta and Metevier, Blossom and Han, Paul and Chang, Remco},
year = {2012},
month = {02},
pages = {},
title = {Visually Communicating Bayesian Statistics to Laypersons}
}

@article {spiegelhalter2011Visualizing,
	author = {Spiegelhalter, David and Pearson, Mike and Short, Ian},
	title = {Visualizing Uncertainty About the Future},
	volume = {333},
	number = {6048},
	pages = {1393--1400},
	year = {2011},
	doi = {10.1126/science.1191181},
	publisher = {American Association for the Advancement of Science},
	issn = {0036-8075},
	URL = {https://science.sciencemag.org/content/333/6048/1393},
	eprint = {https://science.sciencemag.org/content/333/6048/1393.full.pdf},
	journal = {Science}
}

@inproceedings{gigerenzer1995How,
  title={How to Improve Bayesian Reasoning Without Instruction: Frequency Formats},
  author={Gerd Gigerenzer and Ulrich Hoffrage},
  year={1995}
}

@article{cole1989Understanding, 
author = {Cole, W. G.}, 
title = {Understanding Bayesian Reasoning via Graphical Displays}, 
year = {1989}, 
issue_date = {March 1989}, 
publisher = {Association for Computing Machinery}, 
address = {New York, NY, USA}, 
volume = {20}, 
number = {SI}, 
issn = {0736-6906}, 
url = {https://doi.org/10.1145/67450.67522}, 
doi = {10.1145/67450.67522}, 
journal = {SIGCHI Bull.}, 
month = mar, 
pages = {381-386}, 
numpages = {6} 
}

@inproceedings{cole1989Graphic,
  title={Graphic Representation Can Lead To Fast and Accurate Bayesian Reasoning.},
  author={Cole, William G and Davidson, Janet E},
  booktitle={Proceedings. Symposium on Computer Applications in Medical Care},
  pages={227--231},
  year={1989},
  organization={American Medical Informatics Association}
}

@article{garcia2013Visual,
  title={Visual representation of statistical information improves diagnostic inferences in doctors and their patients},
  author={Garcia-Retamero, Rocio and Hoffrage, Ulrich},
  journal={Social Science \& Medicine},
  volume={83},
  pages={27--33},
  year={2013},
  publisher={Elsevier}
}

@article{wang2011Impact,
  title={The impact of animation interactivity on novices' learning of introductory statistics},
  author={Wang, Pei-Yu and Vaughn, Brandon K and Liu, Min},
  journal={Computers \& Education},
  volume={56},
  number={1},
  pages={300--311},
  year={2011},
  publisher={Elsevier}
}

@article{evans2007Interactivity,
  title={The interactivity effect in multimedia learning},
  author={Evans, Chris and Gibbons, Nicola J},
  journal={Computers \& Education},
  volume={49},
  number={4},
  pages={1147--1160},
  year={2007},
  publisher={Elsevier}
}

@article{liu2020Survey,
  title={Survey on Individual Differences in Visualization},
  author={Liu, Zhengliang and Crouser, R Jordan and Ottley, Alvitta},
  journal={arXiv preprint arXiv:2002.07950},
  year={2020}
}

@inproceedings{peck2019Data, 
author = {Peck, Evan M. and Ayuso, Sofia E. and El-Etr, Omar}, 
title = {Data is Personal: Attitudes and Perceptions of Data Visualization in Rural Pennsylvania}, 
year = {2019}, 
isbn = {9781450359702}, 
publisher = {Association for Computing Machinery}, 
address = {New York, NY, USA}, 
url = {https://doi.org/10.1145/3290605.3300474}, 
doi = {10.1145/3290605.3300474}, 
booktitle = {Proceedings of the 2019 CHI Conference on Human Factors in Computing Systems}, 
articleno = {Paper 244}, 
numpages = {12}, 
keywords = {data, rural, information visualization, information literacy}, 
location = {Glasgow, Scotland Uk}, series = {CHI '19} 
}

@inproceedings{kim2017Explaining, 
author = {Kim, Yea-Seul and Reinecke, Katharina and Hullman, Jessica}, 
title = {Explaining the Gap: Visualizing One's Predictions Improves Recall and Comprehension of Data}, 
year = {2017}, 
isbn = {9781450346559}, 
publisher = {Association for Computing Machinery}, 
address = {New York, NY, USA},
 url = {https://doi.org/10.1145/3025453.3025592}, 
doi = {10.1145/3025453.3025592}, 
booktitle = {Proceedings of the 2017 CHI Conference on Human Factors in Computing Systems}, pages = {1375-1386}, 
numpages = {12}, 
keywords = {mental models, internal representations of data, prediction, self-explanation, information visualization}, 
location = {Denver, Colorado, USA}, 
series = {CHI '17} 
}

@ARTICLE{kim2018Data, 
author={Y. {Kim} and K. {Reinecke} and J. {Hullman}}, 
journal={IEEE Transactions on Visualization and Computer Graphics}, 
title={Data Through Others' Eyes: The Impact of Visualizing Others' Expectations on Visualization Interpretation}, 
year={2018}, 
volume={24}, 
number={1}, 
pages={760-769},
}

@inproceedings {ottley2019Curious,
booktitle = {EuroVis 2019 - Short Papers},
editor = {Johansson, Jimmy and Sadlo, Filip and Marai, G. Elisabeta},
title = {{The Curious Case of Combining Text and Visualization}},
author = {Ottley, Alvitta and Kaszowska, Aleksandra and Crouser, R. Jordan and Peck, Evan M.},
year = {2019},
publisher = {The Eurographics Association},
ISBN = {978-3-03868-090-1},
DOI = {10.2312/evs.20191181}
}

@article{mayer2001Cognitive,
author = {Mayer, Richard and Heiser, Julie and Lonn, Steve},
year = {2001},
month = {03},
pages = {187-198},
title = {Cognitive Constraints on Multimedia Learning: When Presenting More Material Results in Less Understanding},
volume = {93},
journal = {Journal of Educational Psychology},
doi = {10.1037/0022-0663.93.1.187}
}

@article{han2011Representing,
author = {Han, Paul and Klein, William and Killam, Bill and Lehman, Tom and Massett, Holly},
year = {2011},
month = {03},
pages = {106-13},
title = {Representing randomness in the communication of individualized cancer risk estimates: Effects on cancer risk perceptions, worry, and subjective uncertainty about risk},
volume = {86},
journal = {Patient education and counseling},
doi = {10.1016/j.pec.2011.01.033}
}

@ARTICLE{bocherer2019How, 
AUTHOR={B\"{o}cherer-Linder, Katharina and Eichler, Andreas},   	 
TITLE={How to Improve Performance in Bayesian Inference Tasks: A Comparison of Five Visualizations},      	
JOURNAL={Frontiers in Psychology},      	
VOLUME={10},      
PAGES={267},     	
YEAR={2019},      	  
URL={https://www.frontiersin.org/article/10.3389/fpsyg.2019.00267},       	
DOI={10.3389/fpsyg.2019.00267},      	
ISSN={1664-1078}
}

@INPROCEEDINGS{shneiderman1996Eyes, 
author={B. {Shneiderman}}, 
booktitle={Proceedings 1996 IEEE Symposium on Visual Languages},
title={The eyes have it: a task by data type taxonomy for information visualizations}, 
year={1996}, volume={}, number={}, pages={336-343},}

@ARTICLE {carpendale2012Beyond,
author = {S. Carpendale and N. Riche and P. Isenberg and B. Lee},
journal = {IEEE Transactions on Visualization \& Computer Graphics},
title = {Beyond Mouse and Keyboard: Expanding Design Considerations for Information Visualization Interactions},
year = {2012},
volume = {18},
number = {12},
issn = {1941-0506},
pages = {2689-2698},
keywords = {data visualization;instruments;information analysis;human computer interaction;taxonomy;user interfaces;nui (natural user interface);design considerations;interaction;post-wimp},
doi = {10.1109/TVCG.2012.204},
publisher = {IEEE Computer Society},
address = {Los Alamitos, CA, USA},
month = {dec}
}

@incollection{wybrow2014Interaction,
  TITLE = {{Interaction in the Visualization of Multivariate Networks}},
  AUTHOR = {Wybrow, Michael and Elmqvist, Niklas and Fekete, Jean-Daniel and Von Landesberger, Tatiana and Van Wijk, Jarke and Zimmer, Bj{\"o}rn},
  URL = {https://hal.inria.fr/hal-00974335},
  BOOKTITLE = {{Multivariate Network Visualization}},
  EDITOR = {Kerren, Andreas and Purchase, Helen and Ward, Matthew O.},
  PUBLISHER = {{Springer}},
  SERIES = {Lecture Notes in Computer Science},
  VOLUME = {8380},
  PAGES = {XV, 237},
  YEAR = {2014},
  MONTH = Apr,
  PDF = {https://hal.inria.fr/hal-00974335/file/Interaction.pdf},
  HAL_ID = {hal-00974335},
  HAL_VERSION = {v2},
}

@article{eddy1982Probabilistic,
  title={Probabilistic reasoning in clinical medicine: Problems and opportunities},
  author={Eddy, David M},
  year={1982}
}